@article{hou2021survey,
  title={A Survey of Text Summarization Approaches Based on Deep Learning},
  author={Hou, Sheng-Luan and Huang, Xi-Kun and Fei, Chao-Qun and Zhang, Shu-Han and Li, Yang-Yang and Sun, Qi-Lin and Wang, Chuan-Qing},
  journal={Journal of Computer Science and Technology},
  volume={36},
  number={3},
  pages={633--663},
  year={2021},
  publisher={Springer}
}

@article{kassasSurvey,
  title={Automatic text summarization: A comprehensive survey},
  author={El-Kassas, Wafaa S and Salama, Cherif R and Rafea, Ahmed A and Mohamed, Hoda K},
  journal={Expert Systems with Applications},
  volume={165},
  pages={113679},
  year={2021},
  publisher={Elsevier}
}

@article{sotaNeuralSurvey,
  title={A survey of the state-of-the-art models in neural abstractive text summarization},
  author={Syed, Ayesha Ayub and Gaol, Ford Lumban and Matsuo, Tokuro},
  journal={IEEE Access},
  volume={9},
  pages={13248--13265},
  year={2021},
  publisher={IEEE}
}

@article{suleiman2020deep,
  title={Deep learning based abstractive text summarization: approaches, datasets, evaluation measures, and challenges},
  author={Suleiman, Dima and Awajan, Arafat},
  journal={Mathematical problems in engineering},
  volume={2020},
  year={2020},
  publisher={Hindawi}
}

@inproceedings{seq2seq,
  title={Abstractive method of text summarization with sequence to sequence RNNs},
  author={Masum, Abu Kaisar Mohammad and Abujar, Sheikh and Talukder, Md Ashraful Islam and Rabby, AKM Shahariar Azad and Hossain, Syed Akhter},
  booktitle={2019 10th international conference on computing, communication and networking technologies (ICCCNT)},
  pages={1--5},
  year={2019},
  organization={IEEE}
}

@article{vaswani2017attention,
  title={Attention is all you need},
  author={Vaswani, Ashish and Shazeer, Noam and Parmar, Niki and Uszkoreit, Jakob and Jones, Llion and Gomez, Aidan N and Kaiser, {\L}ukasz and Polosukhin, Illia},
  journal={Advances in neural information processing systems},
  volume={30},
  year={2017}
}

@article{originalRoBerta,
  title={RoBERTa: A Robustly Optimized BERT Pretraining Approach},
  author={Yinhan Liu and Myle Ott and Naman Goyal and Jingfei Du and Mandar Joshi and Danqi Chen and Omer Levy and Mike Lewis and Luke Zettlemoyer and Veselin Stoyanov},
  journal={ArXiv},
  year={2019},
  volume={abs/1907.11692}
}

@article{gpt2ForSummarization,
  title={Automatic text summarization of covid-19 medical research articles using bert and gpt-2},
  author={Kieuvongngam, Virapat and Tan, Bowen and Niu, Yiming},
  journal={arXiv preprint arXiv:2006.01997},
  year={2020}
}

@article{newsSummarization,
  title={Automated News Summarization Using Transformers},
  author={Gupta, Anushka and Chugh, Diksha and Katarya, Rahul and others},
  journal={arXiv preprint arXiv:2108.01064},
  year={2021}
}

@article{bart,
  title={Bart: Denoising sequence-to-sequence pre-training for natural language generation, translation, and comprehension},
  author={Lewis, Mike and Liu, Yinhan and Goyal, Naman and Ghazvininejad, Marjan and Mohamed, Abdelrahman and Levy, Omer and Stoyanov, Ves and Zettlemoyer, Luke},
  journal={arXiv preprint arXiv:1910.13461},
  year={2019}
}

@inproceedings{t5abstractive,
  title={Abstractive Text Summarization using Transfer Learning.},
  author={Zolotareva, Ekaterina and Tashu, Tsegaye Misikir and Horv{\'a}th, Tom{\'a}s},
  booktitle={ITAT},
  pages={75--80},
  year={2020}
}

@inproceedings{pegasus,
  title={Pegasus: Pre-training with extracted gap-sentences for abstractive summarization},
  author={Zhang, Jingqing and Zhao, Yao and Saleh, Mohammad and Liu, Peter},
  booktitle={International Conference on Machine Learning},
  pages={11328--11339},
  year={2020},
  organization={PMLR}
}

@article{booksum,
  title={Booksum: A collection of datasets for long-form narrative summarization},
  author={Kry{\'s}ci{\'n}ski, Wojciech and Rajani, Nazneen and Agarwal, Divyansh and Xiong, Caiming and Radev, Dragomir},
  journal={arXiv preprint arXiv:2105.08209},
  year={2021}
}

@inproceedings{amazonDataset1,
  title={Image-based recommendations on styles and substitutes},
  author={McAuley, Julian and Targett, Christopher and Shi, Qinfeng and Van Den Hengel, Anton},
  booktitle={Proceedings of the 38th international ACM SIGIR conference on research and development in information retrieval},
  pages={43--52},
  year={2015}
}

@inproceedings{amazonDataset2,
  title={Ups and downs: Modeling the visual evolution of fashion trends with one-class collaborative filtering},
  author={He, Ruining and McAuley, Julian},
  booktitle={proceedings of the 25th international conference on world wide web},
  pages={507--517},
  year={2016}
}

@inproceedings{opinosis,
  title={Opinosis: a graph-based approach to abstractive summarization of highly redundant opinions},
  author={Ganesan, Kavita and Zhai, ChengXiang and Han, Jiawei},
  booktitle={Proceedings of the 23rd International Conference on Computational Linguistics},
  pages={340--348},
  year={2010},
  organization={Association for Computational Linguistics}
}

@article{billsum,
  title={BillSum: A corpus for automatic summarization of US legislation},
  author={Kornilova, Anastassia and Eidelman, Vlad},
  journal={arXiv preprint arXiv:1910.00523},
  year={2019}
}

@article{bigpatent,
  title={BIGPATENT: A large-scale dataset for abstractive and coherent summarization},
  author={Sharma, Eva and Li, Chen and Wang, Lu},
  journal={arXiv preprint arXiv:1906.03741},
  year={2019}
}

@misc{GoogleColab,
      title={}, 
      author={},
      year={},
      howpublished = "\url{https://colab.research.google.com}"}
}

@misc{HuggingFace,
      title={}, 
      author={},
      year={},
      howpublished = "\url{https://huggingface.co/models}"}
}

@misc{Pipeline,
      title={}, 
      author={},
      year={},
      howpublished = "\url{https://huggingface.co/docs/transformers/main_classes/pipelines}"}
}

 @misc{gptblog, title={Text generation with GPT-2}, url={"https://www.modeldifferently.com/en/2021/12/generaci%C3%B3n-de-fake-news-con-gpt-2/"}, journal={Model Differently}, publisher={Victor Pita y Victoria Arribas}, author={Pita, Victor and Arribas, Victoria}, year={2021}, month={Dec}} 